@article{jiang2015structure,
  title={Structure of Tetrahymena telomerase reveals previously unknown subunits, functions, and interactions},
  author={Jiang, Jiansen and Chan, Henry and Cash, Darian D and Miracco, Edward J and Loo, Rachel R Ogorzalek and Upton, Heather E and Cascio, Duilio and Johnson, Reid O’Brien and Collins, Kathleen and Loo, Joseph A and others},
  journal={Science},
  volume={350},
  number={6260},
  pages={aab4070},
  year={2015},
  publisher={American Association for the Advancement of Science}
}


@article{montelione2013recommendations,
  title={Recommendations of the wwPDB NMR validation task force},
  author={Montelione, Gaetano T and Nilges, Michael and Bax, Ad and G{\"u}ntert, Peter and Herrmann, Torsten and Richardson, Jane S and Schwieters, Charles D and Vranken, Wim F and Vuister, Geerten W and Wishart, David S and others},
  journal={Structure},
  volume={21},
  number={9},
  pages={1563--1570},
  year={2013},
  publisher={Elsevier}
}


@article{zhu2014correction,
  title={Correction of erroneously packed protein's side chains in the NMR structure based on ab initio chemical shift calculations},
  author={Zhu, Tong and Zhang, John ZH and He, Xiao},
  journal={Physical Chemistry Chemical Physics},
  volume={16},
  number={34},
  pages={18163--18169},
  year={2014},
  publisher={Royal Society of Chemistry}
}


@article{sahakyan2011using,
  title={Using Side-Chain Aromatic Proton Chemical Shifts for a Quantitative Analysis of Protein Structures},
  author={Sahakyan, Aleksandr B and Vranken, Wim F and Cavalli, Andrea and Vendruscolo, Michele},
  journal={Angewandte Chemie International Edition},
  volume={50},
  number={41},
  pages={9620--9623},
  year={2011},
  publisher={Wiley Online Library}
}

@article{vila2009assessing,
  title={Assessing the accuracy of protein structures by quantum mechanical computations of 13C$\alpha$ chemical shifts},
  author={Vila, Jorge A and Scheraga, Harold A},
  journal={Accounts of chemical research},
  volume={42},
  number={10},
  pages={1545--1553},
  year={2009},
  publisher={ACS Publications}
}

@article{sahakyan2012protein,
  title={Protein structure validation using side-chain chemical shifts},
  author={Sahakyan, Aleksandr B and Cavalli, Andrea and Vranken, Wim F and Vendruscolo, Michele},
  journal={The Journal of Physical Chemistry B},
  volume={116},
  number={16},
  pages={4754--4759},
  year={2012},
  publisher={ACS Publications}
}

@article{martin2013physics,
  title={Physics-based method to validate and repair flaws in protein structures},
  author={Martin, Osvaldo A and Arnautova, Yelena A and Icazatti, Alejandro A and Scheraga, Harold A and Vila, Jorge A},
  journal={Proceedings of the National Academy of Sciences},
  volume={110},
  number={42},
  pages={16826--16831},
  year={2013},
  publisher={National Acad Sciences}
}

@article{weeks2015review,
  title={Review toward all RNA structures, concisely},
  author={Weeks, Kevin M},
  journal={Biopolymers},
  volume={103},
  number={8},
  pages={438--448},
  year={2015},
  publisher={Wiley Online Library}
}
@article{smola2015selective,
  title={Selective 2 [prime]-hydroxyl acylation analyzed by primer extension and mutational profiling (SHAPE-MaP) for direct, versatile and accurate RNA structure analysis},
  author={Smola, Matthew J and Rice, Greggory M and Busan, Steven and Siegfried, Nathan A and Weeks, Kevin M},
  journal={Nature protocols},
  volume={10},
  number={11},
  pages={1643--1669},
  year={2015},
  publisher={Nature Publishing Group}
}
@article{cheng2015consistent,
  title={Consistent global structures of complex RNA states through multidimensional chemical mapping},
  author={Cheng, Clarence Yu and Chou, Fang-Chieh and Kladwang, Wipapat and Tian, Siqi and Cordero, Pablo and Das, Rhiju},
  journal={Elife},
  volume={4},
  pages={e07600},
  year={2015},
  publisher={eLife Sciences Publications Limited}
}

@article{tian2016rna,
  title={RNA structure through multidimensional chemical mapping},
  author={Tian, Siqi and Das, Rhiju},
  journal={bioRxiv},
  pages={038679},
  year={2016},
  publisher={Cold Spring Harbor Labs Journals}
}

@article{chen2016rbfox,
  title={Rbfox proteins regulate microRNA biogenesis by sequence-specific binding to their precursors and target downstream Dicer},
  author={Chen, Yu and Zubovic, Lorena and Yang, Fan and Godin, Katherine and Pavelitz, Tom and Castellanos, Javier and Macchi, Paolo and Varani, Gabriele},
  journal={Nucleic acids research},
  volume={44},
  number={9},
  pages={4381--4395},
  year={2016},
  publisher={Oxford Univ Press}
}


@article{staple2005solution,
  title={Solution structure and thermodynamic investigation of the HIV-1 frameshift inducing element},
  author={Staple, David W and Butcher, Samuel E},
  journal={Journal of molecular biology},
  volume={349},
  number={5},
  pages={1011--1023},
  year={2005},
  publisher={Elsevier}
}
@article{marcheschi2011structure,
  title={Structure of the HIV-1 frameshift site RNA bound to a small molecule inhibitor of viral replication},
  author={Marcheschi, Ryan J and Tonelli, Marco and Kumar, Arvind and Butcher, Samuel E},
  journal={ACS chemical biology},
  volume={6},
  number={8},
  pages={857--864},
  year={2011},
  publisher={ACS Publications}
}

@article{sripakdeevong2014structure,
  title={Structure determination of noncanonical RNA motifs guided by 1H NMR chemical shifts},
  author={Sripakdeevong, Parin and Cevec, Mirko and Chang, Andrew T and Erat, Mich{\`e}le C and Ziegeler, Melanie and Zhao, Qin and Fox, George E and Gao, Xiaolian and Kennedy, Scott D and Kierzek, Ryszard and others},
  journal={Nature methods},
  volume={11},
  number={4},
  pages={413--416},
  year={2014},
  publisher={Nature Publishing Group}
}

@article{cromsigt2001prediction,
  title={Prediction of proton chemical shifts in RNA--their use in structure refinement and validation},
  author={Cromsigt, Jenny AMTC and Hilbers, Cees W and Wijmenga, Sybren S},
  journal={Journal of biomolecular NMR},
  volume={21},
  number={1},
  pages={11--29},
  year={2001},
  publisher={Springer}
}


@article{deigan2009accurate,
  title={Accurate SHAPE-directed RNA structure determination},
  author={Deigan, Katherine E and Li, Tian W and Mathews, David H and Weeks, Kevin M},
  journal={Proceedings of the National Academy of Sciences},
  volume={106},
  number={1},
  pages={97--102},
  year={2009},
  publisher={National Acad Sciences}
}

@article{cooper2009rna,
  title={RNA and disease},
  author={Cooper, Thomas A and Wan, Lili and Dreyfuss, Gideon},
  journal={Cell},
  volume={136},
  number={4},
  pages={777--793},
  year={2009},
  publisher={Elsevier}
}

@article{naryshkin2014smn2,
  title={SMN2 splicing modifiers improve motor function and longevity in mice with spinal muscular atrophy},
  author = {Naryshkin, Nikolai A and Weetall, Marla and Dakka, Amal and Narasimhan, Jana and Zhao, Xin and Feng, Zhihua and Ling, Karen K Y and Karp, Gary M and Qi, Hongyan and Woll, Matthew G and Chen, Guangming and Zhang, Nanjing and Gabbeta, Vijayalakshmi and Vazirani, Priya and Bhattacharyya, Anuradha and Furia, Bansri and Risher, Nicole and Sheedy, Josephine and Kong, Ronald and Ma, Jiyuan and Turpoff, Anthony and Lee, Chang-Sun and Zhang, Xiaoyan and Moon, Young-Choon and Trifillis, Panayiota and Welch, Ellen M and Colacino, Joseph M and Babiak, John and Almstead, Neil G and Peltz, Stuart W and Eng, Loren A and Chen, Karen S and Mull, Jesse L and Lynes, Maureen S and Rubin, Lee L and Fontoura, Paulo and Santarelli, Luca and Haehnke, Daniel and McCarthy, Kathleen D and Schmucki, Roland and Ebeling, Martin and Sivaramakrishnan, Manaswini and Ko, Chien-Ping and Paushkin, Sergey V and Ratni, Hasane and Gerlach, Irene and Ghosh, Anirvan and Metzger, Friedrich},
  journal={Science},
  volume={345},
  number={6197},
  pages={688--693},
  year={2014},
  publisher={American Association for the Advancement of Science}
}

@article{palacino2015smn2,
  title={SMN2 splice modulators enhance U1-pre-mRNA association and rescue SMA mice},
  author = {Palacino, James and Swalley, Susanne E and Song, Cheng and Cheung, Atwood K and Shu, Lei and Zhang, Xiaolu and Van Hoosear, Mailin and Shin, Youngah and Chin, Donovan N and Keller, Caroline Gubser and Beibel, Martin and Renaud, Nicole A and Smith, Thomas M and Salcius, Michael and Shi, Xiaoying and Hild, Marc and Servais, Rebecca and Jain, Monish and Deng, Lin and Bullock, Caroline and McLellan, Michael and Schuierer, Sven and Murphy, Leo and Blommers, Marcel J J and Blaustein, Cecile and Berenshteyn, Frada and Lacoste, Arnaud and Thomas, Jason R and Roma, Guglielmo and Michaud, Gregory A and Tseng, Brian S and Porter, Jeffery A and Myer, Vic E and Tallarico, John A and Hamann, Lawrence G and Curtis, Daniel and Fishman, Mark C and Dietrich, William F and Dales, Natalie A and Sivasankaran, Rajeev},
  journal={Nat. Chem. Biol.},
  year={2015},
  volume={11},
  number={7},
  pages={511--517},
  publisher={Nature Publishing Group}
}

@article{thomas2008targeting,
  title={Targeting RNA with small molecules},
  author={Thomas, Jason R and Hergenrother, Paul J},
  journal={Chem. Rev.},
  volume={108},
  number={4},
  pages={1171--1224},
  year={2008},
  publisher={ACS Publications}
}

@article{guan2012recent,
  title={Recent advances in developing small molecules targeting RNA},
  author={Guan, Lirui and Disney, Matthew D},
  journal={ACS Chem. Biol.},
  volume={7},
  number={1},
  pages={73--86},
  year={2012},
  publisher={ACS Publications}
}

@article{shuker1996discovering,
  title={Discovering high-affinity ligands for proteins: SAR by NMR},
  author={Shuker, Suzanne B and Hajduk, Philip J and Meadows, Robert P and Fesik, Stephen W},
  journal={Science},
  volume={274},
  number={5292},
  pages={1531--1534},
  year={1996},
  publisher={American Association for the Advancement of Science}
}

@article{morelli2000heteronuclear,
  title={Heteronuclear NMR and soft docking: an experimental approach for a structural model of the cytochrome c 553-ferredoxin complex},
  author={Morelli, Xavier and Dolla, Alain and Czjzek, Myrjam and Palma, P Nuno and Blasco, Francis and Krippahl, Ludwig and Moura, Jose JG and Guerlesquin, Fran{\c{c}}oise},
  journal={Biochemistry},
  volume={39},
  number={10},
  pages={2530--2537},
  year={2000},
  publisher={ACS Publications}
}

@article{mccoy2000alignment,
  title={Alignment of weakly interacting molecules to protein surfaces using simulations of chemical shift perturbations},
  author={McCoy, Mark A and Wyss, Daniel F},
  journal={J. Biomol. NMR},
  volume={18},
  number={3},
  pages={189--198},
  year={2000},
  publisher={Springer}
}

@article{mccoy2002spatial,
  title={Spatial localization of ligand binding sites from electron current density surfaces calculated from NMR chemical shift perturbations},
  author={McCoy, Mark A and Wyss, Daniel F},
  journal={J. Am. Chem. Soc.},
  volume={124},
  number={39},
  pages={11758--11763},
  year={2002},
  publisher={ACS Publications}
}

@article{wang2004fast,
  title={Fast semiempirical calculations for nuclear magnetic resonance chemical shifts: A divide-and-conquer approach},
  author={Wang, Bing and Brothers, Edward N and van der Vaart, Arjan and Merz Jr, Kenneth M},
  journal={J. Chem. Phys.},
  volume={120},
  number={24},
  pages={11392--11400},
  year={2004},
  publisher={AIP Publishing}
}

@article{wang2004pose,
  title={Pose scoring by NMR},
  author={Wang, Bing and Raha, Kaushik and Merz, Kenneth M},
  journal={J. Am. Chem. Soc.},
  volume={126},
  number={37},
  pages={11430--11431},
  year={2004},
  publisher={ACS Publications}
}

@article{schieborr2005much,
  title={How much NMR data is required to determine a protein--ligand complex structure?},
  author={Schieborr, Ulrich and Vogtherr, Martin and Elshorst, Bettina and Betz, Marco and Grimme, Susanne and Pescatore, Barbara and Langer, Thomas and Saxena, Krishna and Schwalbe, Harald},
  journal={ChemBioChem},
  volume={6},
  number={10},
  pages={1891--1898},
  year={2005},
  publisher={Wiley Online Library}
}

@article{bertini2005combining,
  title={Combining in silico tools and NMR data to validate protein-ligand structural models: application to matrix metalloproteinases},
  author={Bertini, Ivano and Fragai, Marco and Giachetti, Andrea and Luchinat, Claudio and Maletta, Massimiliano and Parigi, Giacomo and Yeo, Kwon Joo},
  journal={J. Med. Chem.},
  volume={48},
  number={24},
  pages={7544--7559},
  year={2005},
  publisher={ACS Publications}
}

@article{stark2008rapid,
  title={Rapid protein-ligand costructures using chemical shift perturbations},
  author={Stark, Jaime and Powers, Robert},
  journal={J. Am. Chem. Soc.},
  volume={130},
  number={2},
  pages={535--545},
  year={2008},
  publisher={ACS Publications}
}

@article{cioffi2008determination,
  title={Determination of protein--ligand binding modes using complexation-induced changes in 1H NMR chemical shift},
  author={Cioffi, Marina and Hunter, Christopher A and Packer, Martin J and Spitaleri, Andrea},
  journal={J. Med. Chem.},
  volume={51},
  number={8},
  pages={2512--2517},
  year={2008},
  publisher={ACS Publications}
}

@article{gonzalez2009steering,
  title={Steering protein- ligand docking with quantitative NMR chemical shift perturbations},
  author={Gonz{\'a}lez-Ruiz, Domingo and Gohlke, Holger},
  journal={J. Chem. Inf. Model.},
  volume={49},
  number={10},
  pages={2260--2271},
  year={2009},
  publisher={ACS Publications}
}

@article{williamson2013using,
  title={Using chemical shift perturbation to characterise ligand binding},
  author={Williamson, Mike P},
  journal={Prog. Nucl. Magn. Reson. Spectrosc.},
  volume={73},
  pages={1--16},
  year={2013},
  publisher={Elsevier}
}

@article{kodama2013rapid,
  title={Rapid Identification of Ligand-Binding Sites by Using an Assignment-Free NMR Approach},
  author={Kodama, Yuya and Takeuchi, Koh and Shimba, Nobuhisa and Ishikawa, Kohki and Suzuki, Ei-ichiro and Shimada, Ichio and Takahashi, Hideo},
  journal={J. Med. Chem.},
  volume={56},
  number={22},
  pages={9342--9350},
  year={2013},
  publisher={ACS Publications}
}

@article{aguirre2014protein,
  title={Protein--ligand structure guided by backbone and side-chain proton chemical shift perturbations},
  author={Aguirre, Cl{\'e}mentine and ten Brink, Tim and Cala, Olivier and Guichou, Jean-Fran{\c{c}}ois and Krimm, Isabelle},
  journal={J. Biomol. NMR},
  volume={60},
  number={2-3},
  pages={147--156},
  year={2014},
  publisher={Springer}
}

@article{ten2014performance,
  title={Performance of Protein--Ligand Docking with Simulated Chemical Shift Perturbations},
  author={Ten Brink, Tim and Aguirre, CleÌmentine and Exner, Thomas E and Krimm, Isabelle},
  journal={J. Chem. Inf. Model.},
  volume={55},
  number={2},
  pages={275--283},
  year={2014},
  publisher={ACS Publications}
}

@article{coles2003nmr,
  title={NMR-based screening technologies},
  author={Coles, Murray and Heller, Markus and Kessler, Horst},
  journal={Drug Discovery Today},
  volume={8},
  number={17},
  pages={803--810},
  year={2003},
  publisher={Elsevier}
}

@article{lepre2004theory,
  title={Theory and applications of NMR-based screening in pharmaceutical research},
  author={Lepre, Christopher A and Moore, Jonathan M and Peng, Jeffrey W},
  journal={Chem. Rev.},
  volume={104},
  number={8},
  pages={3641--3676},
  year={2004},
  publisher={ACS Publications}
}

@article{villar2004using,
  title={Using NMR for ligand discovery and optimization},
  author={Villar, Hugo O and Yan, Jiangli and Hansen, Mark R},
  journal={Curr. Opin. Chem. Biol.},
  volume={8},
  number={4},
  pages={387--391},
  year={2004},
  publisher={Elsevier}
}

% Docking Approaches 
@article{levinthal1975hemoglobin,
  title={Hemoglobin interaction in sickle cell fibers. I: Theoretical approaches to the molecular contacts},
  author={Levinthal, Cyrus and Wodak, Shoshana J and Kahn, Peter and Dadivanian, Artem K},
  journal={Proc. Natl. Acad. Sci. USA},
  volume={72},
  number={4},
  pages={1330--1334},
  year={1975},
  publisher={National Acad Sciences}
}

@article{wodak1978computer,
  title={Computer analysis of protein-protein interaction},
  author={Wodak, Shoshana J and Janin, Jo{\"e}l},
  journal={J. Mol. Biol.},
  volume={124},
  number={2},
  pages={323--342},
  year={1978},
  publisher={Elsevier}
}

@article{connolly1986shape,
  title={Shape complementarity at the hemoglobin $\alpha$1$\beta$1 subunit interface},
  author={Connolly, Michael L},
  journal={Biopolymers},
  volume={25},
  number={7},
  pages={1229--1247},
  year={1986},
  publisher={Wiley Online Library}
}

@article{shoichet1991protein,
  title={Protein docking and complementarity},
  author={Shoichet, Brian K and Kuntz, Irwin D},
  journal={J. Mol. Biol.},
  volume={221},
  number={1},
  pages={327--346},
  year={1991},
  publisher={Elsevier}
}

@article{sousa2013protein,
  title={Protein-ligand docking in the new millennium--a retrospective of 10 years in the field},
  author={Sousa, SF and Ribeiro, AJM and Coimbra, JTS and Neves, RPP and Martins, SA and Moorthy, NSHN and Fernandes, PA and Ramos, MJ},
  journal={Curr. Med. Chem.},
  volume={20},
  number={18},
  pages={2296--2314},
  year={2013},
  publisher={Bentham Science Publishers}
}

@article{yuriev2015improvements,
  title={Improvements, trends, and new ideas in molecular docking: 2012--2013 in review},
  author={Yuriev, Elizabeth and Holien, Jessica and Ramsland, Paul A},
  journal={J. Mol. Recognit.},
  year={2015},
  volume={28},
  pages={581--604},
  publisher={Wiley Online Library}
}

% Guided-Docking
@article{ubbink1998structure,
  title={The structure of the complex of plastocyanin and cytochrome f, determined by paramagnetic NMR and restrained rigid-body molecular dynamics},
  author={Ubbink, Marcellus and Ejdeb{\"a}ck, Mikael and Karlsson, B G{\"o}ran and Bendall, Derek S},
  journal={Structure},
  volume={6},
  number={3},
  pages={323--335},
  year={1998},
  publisher={Elsevier}
}

@article{clore2000accurate,
  title={Accurate and rapid docking of protein--protein complexes on the basis of intermolecular nuclear Overhauser enhancement data and dipolar couplings by rigid body minimization},
  author={Clore, G Marius},
  journal={Proc. Natl. Acad. Sci. USA},
  volume={97},
  number={16},
  pages={9021--9025},
  year={2000},
  publisher={National Acad Sciences}
}

@article{dominguez2003haddock,
  title={HADDOCK: a protein-protein docking approach based on biochemical or biophysical information},
  author={Dominguez, Cyril and Boelens, Rolf and Bonvin, Alexandre MJJ},
  journal={J. Am. Chem. Soc.},
  volume={125},
  number={7},
  pages={1731--1737},
  year={2003},
  publisher={ACS Publications}
}

@article{morelli2001novel,
  title={A novel approach for assesing macromolecular complexes combining soft-docking calculations with NMR data},
  author={Morelli, Xavier J and Palma, P Nuno and Guerlesquin, Fran{\c{c}}oise and Rigby, Alan C},
  journal={Protein Sci.},
  volume={10},
  number={10},
  pages={2131--2137},
  year={2001},
  publisher={Wiley Online Library}
}

% Protein-Protein Using NMR Chemical Shifts
@article{montalvao2008structure,
  title={Structure determination of protein- protein complexes using NMR chemical shifts: case of an endonuclease colicin- immunity protein complex},
  author={Montalvao, Rinaldo W and Cavalli, Andrea and Salvatella, Xavier and Blundell, Tom L and Vendruscolo, Michele},
  journal={J. Am. Chem. Soc.},
  volume={130},
  number={47},
  pages={15990--15996},
  year={2008},
  publisher={ACS Publications}
}

@article{stratmann2011quantitative,
  title={Quantitative use of chemical shifts for the modeling of protein complexes},
  author={Stratmann, Dirk and Boelens, Rolf and Bonvin, Alexandre MJJ},
  journal={Proteins Struct. Funct. Bioinf.},
  volume={79},
  number={9},
  pages={2662--2670},
  year={2011},
  publisher={Wiley Online Library}
}

@article{cavalli2011using,
  title={Using chemical shifts to determine structural changes in proteins upon complex formation},
  author={Cavalli, Andrea and Montalvao, Rinaldo W and Vendruscolo, Michele},
  journal={J. Phys. Chem. B},
  volume={115},
  number={30},
  pages={9491--9494},
  year={2011},
  publisher={ACS Publications}
}

@article{klages2007nmr,
  title={NMR-based screening: a powerful tool in fragment-based drug discovery},
  author={Klages, Jochen and Coles, Murray and Kessler, Horst},
  journal={Analyst},
  volume={132},
  number={7},
  pages={692--705},
  year={2007},
  publisher={Royal Society of Chemistry}
}

@article{pellecchia2008perspectives,
  title={Perspectives on NMR in drug discovery: a technique comes of age},
  author = {Pellecchia, Maurizio and Bertini, Ivano and Cowburn, David and Dalvit, Claudio and Giralt, Ernest and Jahnke, Wolfgang and James, Thomas L and Homans, Steve W and Kessler, Horst and Luchinat, Claudio and Meyer, Bernd and Oschkinat, Hartmut and Peng, Jeff and Schwalbe, Harald and Siegal, Gregg},
  journal={Nat. Rev. Drug Discovery},
  volume={7},
  number={9},
  pages={738--745},
  year={2008},
  publisher={Nature Publishing Group}
}

@article{harner2013fragment,
  title={Fragment-based drug discovery using NMR spectroscopy},
  author={Harner, Mary J and Frank, Andreas O and Fesik, Stephen W},
  journal={J. Biomol. NMR},
  volume={56},
  number={2},
  pages={65--75},
  year={2013},
  publisher={Springer}
}

@article{peng2004nmr,
  title={NMR experiments for lead generation in drug discovery},
  author={Peng, Jeffrey W and Moore, Jonathan and Abdul-Manan, Norzehan},
  journal={Prog. Nucl. Magn. Reson. Spectrosc.},
  volume={44},
  number={3},
  pages={225--256},
  year={2004},
  publisher={Pergamon}
}

% Docking Programs used
@article{trott2010autodock,
  title={AutoDock Vina: improving the speed and accuracy of docking with a new scoring function, efficient optimization, and multithreading},
  author={Trott, Oleg and Olson, Arthur J},
  journal={J. Comput. Chem.},
  volume={31},
  number={2},
  pages={455--461},
  year={2010},
  publisher={Wiley Online Library}
}

@article{ruiz2014rdock,
  title={rDock: a fast, versatile and open source program for docking ligands to proteins and nucleic acids},
  author={Ruiz-Carmona, Sergio and Alvarez-Garcia, Daniel and Foloppe, Nicolas and Garmendia-Doval, A Beatriz and Juhos, Szilveszter and Schmidtke, Peter and Barril, Xavier and Hubbard, Roderick E and Morley, S David},
  journal={PLoS Comput. Biol.},
  volume={10},
  number={4},
  pages={e1003571},
  year={2014}
}

@article{Venkatraman:2010gea,
author = {Venkatraman, Vishwesh and P{\'e}rez-Nueno, Violeta I and Mavridis, Lazaros and Ritchie, David W},
title = {{Comprehensive Comparison of Ligand-Based Virtual Screening Tools Against the DUD Data set Reveals Limitations of Current 3D Methods}},
journal = {J. Chem. Inf. Model.},
year = {2010},
volume = {50},
number = {12},
pages = {2079--2093},
month = dec
}

% Conformational Changes in RNA upon ligand binding
@article{vicens2001crystal,
  title={Crystal structure of paromomycin docked into the eubacterial ribosomal decoding A site},
  author={Vicens, Quentin and Westhof, Eric},
  journal={Structure},
  volume={9},
  number={8},
  pages={647--658},
  year={2001},
  publisher={Elsevier}
}

@article{fourmy1998paromomycin,
  title={Paromomycin binding induces a local conformational change in the A-site of 16 S rRNA},
  author={Fourmy, Dominique and Yoshizawa, Satoko and Puglisi, Joseph D},
  journal={J. Mol. Biol.},
  volume={277},
  number={2},
  pages={333--345},
  year={1998},
  publisher={Elsevier}
}

@article{kang2009structural,
  title={Structural Insights into riboswitch control of the biosynthesis of queuosine, a modified nucleotide found in the anticodon of tRNA},
  author={Kang, Mijeong and Peterson, Robert and Feigon, Juli},
  journal={Mol. Cell},
  volume={33},
  number={6},
  pages={784--790},
  year={2009},
  publisher={Elsevier}
}

@article{zhang2006resolving,
  title={Resolving the motional modes that code for RNA adaptation},
  author={Zhang, Qi and Sun, Xiaoyan and Watt, Eric D and Al-Hashimi, Hashim M},
  journal={Science},
  volume={311},
  number={5761},
  pages={653--656},
  year={2006},
  publisher={American Association for the Advancement of Science}
}

@article{rieder2007ligand,
  title={Ligand-Induced Folding of the Adenosine Deaminase A-Riboswitch and Implications on Riboswitch Translational Control},
  author={Rieder, Renate and Lang, Kathrin and Graber, Dagmar and Micura, Ronald},
  journal={ChemBioChem},
  volume={8},
  number={8},
  pages={896--902},
  year={2007},
  publisher={Wiley Online Library}
}

@article{zhang2011comparison,
  title={Comparison of solution and crystal structures of preQ1 riboswitch reveals calcium-induced changes in conformation and dynamics},
  author={Zhang, Qi and Kang, Mijeong and Peterson, Robert D and Feigon, Juli},
  journal={J. Am. Chem. Soc.},
  volume={133},
  number={14},
  pages={5190--5193},
  year={2011},
  publisher={ACS Publications}
}

@article{marcheschi2011structure,
  title={Structure of the HIV-1 frameshift site RNA bound to a small molecule inhibitor of viral replication},
  author={Marcheschi, Ryan J and Tonelli, Marco and Kumar, Arvind and Butcher, Samuel E},
  journal={ACS Chem. Biol.},
  volume={6},
  number={8},
  pages={857--864},
  year={2011},
  publisher={ACS Publications}
}


@article{lee2014novel,
  title={A novel small-molecule binds to the influenza A virus RNA promoter and inhibits viral replication},
  author={Lee, Mi-Kyung and Bottini, Angel and Kim, Meehyein and Bardaro, Michael F and Zhang, Ziming and Pellecchia, Maurizio and Choi, Byong-Seok and Varani, Gabriele},
  journal={Chem. Commun.},
  volume={50},
  number={3},
  pages={368--370},
  year={2014},
  publisher={Royal Society of Chemistry}
}

@article{bae2001structural,
  title={Structural features of an influenza virus promoter and their implications for viral RNA synthesis},
  author={Bae, Sung-Hun and Cheong, Hae-Kap and Lee, Joon-Hwa and Cheong, Chaejoon and Kainosho, Masatsune and Choi, Byong-Seok},
  journal={Proc. Natl. Acad. Sci. USA},
  volume={98},
  number={19},
  pages={10602--10607},
  year={2001},
  publisher={National Acad Sciences}
}

@article{michaud2011mdanalysis,
  title={MDAnalysis: a toolkit for the analysis of molecular dynamics simulations},
  author={Michaud-Agrawal, Naveen and Denning, Elizabeth J and Woolf, Thomas B and Beckstein, Oliver},
  journal={J. Comput. Chem.},
  volume={32},
  number={10},
  pages={2319--2327},
  year={2011},
  publisher={Wiley Online Library}
}

@article{pedregosa2011scikit,
  title={Scikit-learn: Machine learning in Python},
  author = {Pedregosa, Fabian and Varoquaux, Ga\"{e}l and Gramfort, Alexandre and Michel, Vincent and Thirion, Bertrand and Grisel, Olivier and Blondel, Mathieu and Prettenhofer, Peter and Weiss, Ron and Dubourg, Vincent and Vanderplas, Jake and Passos, Alexandre and Cournapeau, David and Brucher, Matthieu and Perrot, Matthieu and Duchesnay, \'{E}douard},
  journal={J. Mach. Learn. Res.},
  volume={12},
  pages={2825--2830},
  year={2011},
  publisher={JMLR. org}
}

@article{breiman2001random,
  title={Random forests},
  author={Breiman, Leo},
  journal={Mach. Learn.},
  volume={45},
  number={1},
  pages={5--32},
  year={2001},
  publisher={Springer}
}

% Calculating Shielding Effects:
@article{frank2014simple,
  title={A Simple and Fast Approach for Predicting 1H and 13C Chemical Shifts: Toward Chemical Shift-Guided Simulations of RNA},
  author={Frank, Aaron T and Law, Sean M and G III, Charles L},
  journal={J. Phys. Chem. B},
  volume={118},
  number={42},
  pages={12168--12175},
  year={2014},
  publisher={ACS Publications}
}

@article{johnson1958calculation,
  title={Calculation of nuclear magnetic resonance spectra of aromatic hydrocarbons},
  author={Johnson Jr, CE and Bovey, FA},
  journal={J. Chem. Phys.},
  volume={29},
  number={5},
  pages={1012--1014},
  year={1958},
  publisher={AIP Publishing}
}

@article{prado1981parameters,
  title={Parameters for the calculation of the ring current and atomic magnetic anisotropy contributions to magnetic shielding constants: Nucleic acid bases and intercalating agents},
  author={Prado, F Ribas and Giessner-Prettre, C},
  journal={J. Mol. Struct. THEOCHEM},
  volume={76},
  number={1},
  pages={81--92},
  year={1981},
  publisher={Elsevier}
}

@article{giessner1987quantum,
  title={Quantum mechanical calculations of NMR chemical shifts in nucleic acids},
  author={Giessner-Prettre, C and Pullman, B},
  journal={Q. Rev. Biophys.},
  volume={20},
  number={3-4},
  pages={113--172},
  year={1987},
  publisher={Cambridge Univ Press}
}

@article{case1995calibration,
  title={Calibration of ring-current effects in proteins and nucleic acids},
  author={Case, David A},
  journal={J. Biomol. NMR},
  volume={6},
  number={4},
  pages={341--346},
  year={1995},
  publisher={Springer}
}

@inproceedings{dejaegere1999empirical,
  title={An empirical analysis of proton chemical shifts in nucleic acids},
  author={Dejaegere, Annick and Bryce, Richard A and Case, David A},
  journal={ACS Symp. Ser.},
  volume={732},
  pages={194--206},
  year={1999},
  organization={American Chemical Society}
}

@article{wijmenga1997analysis,
  title={Analysis of 1H chemical shifts in DNA: assessment of the reliability of 1H chemical shift calculations for use in structure refinement},
  author={Wijmenga, Sybren S and Kruithof, Martijn and Hilbers, Cees W},
  journal={J. Biomol. NMR},
  volume={10},
  number={4},
  pages={337--350},
  year={1997},
  publisher={Springer}
}

@article{cromsigt2001prediction,
  title={Prediction of proton chemical shifts in RNA--their use in structure refinement and validation},
  author={Cromsigt, Jenny AMTC and Hilbers, Cees W and Wijmenga, Sybren S},
  journal={J. Biomol. NMR},
  volume={21},
  number={1},
  pages={11--29},
  year={2001},
  publisher={Springer}
}

@article{frank2013prediction,
  title={Prediction of RNA 1H and 13C chemical shifts: a structure based approach},
  author={Frank, Aaron T and Bae, Sung-Hun and Stelzer, Andrew C},
  journal={J. Phys. Chem. B},
  volume={117},
  number={43},
  pages={13497--13506},
  year={2013},
  publisher={ACS Publications}
}


% RMSD calculation
@article{allen2014implementation,
  title={Implementation of the hungarian algorithm to account for ligand symmetry and similarity in structure-based design},
  author={Allen, William J and Rizzo, Robert C},
  journal={J. Chem. Inf. Model.},
  volume={54},
  number={2},
  pages={518--529},
  year={2014},
  publisher={ACS Publications}
}

% Flexible Docking 

@article{guilbert2008docking,
  title={Docking to RNA via root-mean-square-deviation-driven energy minimization with flexible ligands and flexible targets},
  author={Guilbert, Christophe and James, Thomas L},
  journal={J. Chem. Inf. Model.},
  volume={48},
  number={6},
  pages={1257--1268},
  year={2008},
  publisher={ACS Publications}
}

@article{kruÌger2011target,
  title={Target flexibility in RNA- ligand docking modeled by elastic potential grids},
  author={KruÌger, Dennis M and Bergs, Johannes and Kazemi, Sina and Gohlke, Holger},
  journal={ACS Med. Chem. Lett.},
  volume={2},
  number={7},
  pages={489--493},
  year={2011},
  publisher={ACS Publications}
}

% RNA Struxture Predictions
@article{sripakdeevong2014structure,
  title={Structure determination of noncanonical RNA motifs guided by 1H NMR chemical shifts},
  author = {Sripakdeevong, Parin and Cevec, Mirko and Chang, Andrew T and Erat, Mich{\`e}le C and Ziegeler, Melanie and Zhao, Qin and Fox, George E and Gao, Xiaolian and Kennedy, Scott D. and Kierzek, Ryszard and Nikonowicz, Edward P and Schwalbe, Harald and Sigel, Roland K O and Turner, Douglas H. and Das, Rhiju},
  journal={Nat. Methods},
  volume={11},
  number={4},
  pages={413--416},
  year={2014},
  publisher={Nature Publishing Group}
}

% Topology and Parameter
@article{case2012ambertools,
  title={AmberTools 12},
  author={Case, D and Kollman, P},
  journal={University of California, San Francisco},
  year={2012}
}

@article{wang2001antechamber,
  title={Antechamber: an accessory software package for molecular mechanical calculations},
  author={Wang, Junmei and Wang, Wei and Kollman, Peter A and Case, David A},
  journal={J. Am. Chem. Soc},
  volume={222},
  pages={U403},
  year={2001}
}

@article{ulrich2008biomagresbank,
  title={BioMagResBank},
  author = {Ulrich, Eldon L and Akutsu, Hideo and Doreleijers, Jurgen F and Harano, Yoko and Ioannidis, Yannis E and Lin, Jundong and Livny, Miron and Mading, Steve and Maziuk, Dimitri and Miller, Zachary and Nakatani, Eiichi and Schulte, Christopher F and Tolmie, David E and Wenger, R Kent and Yao, Hongyang and Markley, John L},
  journal={Nucleic Acids Res.},
  volume={36},
  number={suppl 1},
  pages={D402--D408},
  year={2008},
  publisher={Oxford Univ Press}
}
@article{bernstein1978protein,
  title={The Protein Data Bank: a computer-based archival file for macromolecular structures},
  author={Bernstein, Frances C and Koetzle, Thomas F and Williams, Graheme JB and Meyer, Edgar F and Brice, Michael D and Rodgers, John R and Kennard, Olga and Shimanouchi, Takehiko and Tasumi, Mitsuo},
  journal={Arch. Biochem. Biophys.},
  volume={185},
  number={2},
  pages={584--591},
  year={1978},
  publisher={Elsevier}
}
@article{sturlese2015nmr,
  title={NMR-Assisted Molecular Docking Methodologies},
  author={Sturlese, Mattia and Bellanda, Massimo and Moro, Stefano},
  journal={Mol. Inf.},
  year={2015},
  volume=79,
  number=9,
  pages=2662--2670,
  publisher={Wiley Online Library}
}

@article{storz2002expanding,
  title={An expanding universe of noncoding RNAs},
  author={Storz, Gisela},
  journal={Science},
  volume={296},
  number={5571},
  pages={1260--1263},
  year={2002},
  publisher={American Association for the Advancement of Science}
}

@article{han2011shiftx2,
  title={SHIFTX2: significantly improved protein chemical shift prediction},
  author={Han, Beomsoo and Liu, Yifeng and Ginzinger, Simon W and Wishart, David S},
  journal={J. Biomol. NMR},
  volume={50},
  number={1},
  pages={43--57},
  year={2011},
  publisher={Springer}
}

@article{shen2009talos,
  title={TALOS+: a hybrid method for predicting protein backbone torsion angles from NMR chemical shifts},
  author={Shen, Yang and Delaglio, Frank and Cornilescu, Gabriel and Bax, Ad},
  journal={J. Biomol. NMR},
  volume={44},
  number={4},
  pages={213--223},
  year={2009},
  publisher={Springer}
}

@article{meiler2003proshift,
  title={PROSHIFT: protein chemical shift prediction using artificial neural networks},
  author={Meiler, Jens},
  journal={J. Biomol. NMR},
  volume={26},
  number={1},
  pages={25--37},
  year={2003},
  publisher={Springer}
}

@article{sripakdeevong2014structure,
  title={Structure determination of noncanonical RNA motifs guided by 1H NMR chemical shifts},
  author = {Sripakdeevong, Parin and Cevec, Mirko and Chang, Andrew T and Erat, Mich{\`e}le C and Ziegeler, Melanie and Zhao, Qin and Fox, George E and Gao, Xiaolian and Kennedy, Scott D. and Kierzek, Ryszard and Nikonowicz, Edward P and Schwalbe, Harald and Sigel, Roland K O and Turner, Douglas H. and Das, Rhiju},
  journal={Nature Methods},
  volume={11},
  number={4},
  pages={413--416},
  year={2014},
  publisher={Nature Publishing Group}
}
@article{mitchell2014machine,
  title={Machine learning methods in chemoinformatics},
  author={Mitchell, John BO},
  journal={Wiley Interdiscip. Rev.: Comput. Mol. Sci.},
  volume={4},
  number={5},
  pages={468--481},
  year={2014},
  publisher={Wiley Online Library}
}

@article{onila2015fly,
  title={On-the-Fly Integration of Data from a Spin-Diffusion-Based NMR Experiment into Protein-Ligand Docking},
  author={Onila, Ionut and ten Brink, Tim and Fredriksson, Kai and Codutti, Luca and Mazur, Adam and Griesinger, Christian and Carlomagno, Teresa and Exner, Thomas E},
  journal={J. Chem. Inf. Model.},
  volume={55},
  number={9},
  pages={1962--1972},
  year={2015},
  publisher={ACS Publications}
}

@article{DuchardtFerner:2010eg,
author = {Duchardt-Ferner, Elke and Weigand, Julia E and Ohlenschl{\"a}ger, Oliver and Schmidtke, Sina R and Suess, Beatrix and W{\"o}hnert, Jens},
title = {{Highly modular structure and ligand binding by conformational capture in a minimalistic riboswitch.}},
journal = {Angew. Chem. Int. Ed.},
year = {2010},
volume = {49},
number = {35},
pages = {6216--6219},
month = aug
}

@article{Tsai:2013ka,
author = {Tsai, Albert and Uemura, Sotaro and Johansson, Magnus and Puglisi, Elisabetta Viani and Marshall, R Andrew and Aitken, Colin Echeverr{\'\i}a and Korlach, Jonas and Ehrenberg, M{\aa}ns and Puglisi, Joseph D},
title = {{The Impact of Aminoglycosides on the Dynamics of Translation Elongation}},
journal = {Cell Rep.},
year = {2013},
volume = {3},
number = {2},
pages = {497--508},
month = feb
}

@article{brooks1983charmm,
  title={{CHARMM: A program for macromolecular energy, minimization, and dynamics calculations}},
  author={Brooks, B.R. and Bruccoleri, R.E. and Olafson, B.D. and Karplus, M.},
  journal={Journal of Computational Chemistry},
  volume={4},
  number={2},
  pages={187--217},
  year={1983},
  publisher={John Wiley \& Sons}
}

@article{mackerell2000development,
  title={Development and current status of the CHARMM force field for nucleic acids},
  author={MacKerell, Alexander D and Banavali, Nilesh and Foloppe, Nicolas},
  journal={Biopolymers},
  volume={56},
  number={4},
  pages={257--265},
  year={2000},
  publisher={Wiley Online Library}
}

@article{das2010atomic,
  title={Atomic accuracy in predicting and designing noncanonical RNA structure},
  author={Das, Rhiju and Karanicolas, John and Baker, David},
  journal={Nature methods},
  volume={7},
  number={4},
  pages={291--294},
  year={2010},
  publisher={Nature Publishing Group}
}


@article{parisien2008mc,
  title={The MC-Fold and MC-Sym pipeline infers RNA structure from sequence data},
  author={Parisien, Marc and Major, Francois},
  journal={Nature},
  volume={452},
  number={7183},
  pages={51--55},
  year={2008},
  publisher={Nature Publishing Group}
}


@article{ulrich2008biomagresbank,
  title={BioMagResBank},
  author={Ulrich, Eldon L and Akutsu, Hideo and Doreleijers, Jurgen F and Harano, Yoko and Ioannidis, Yannis E and Lin, Jundong and Livny, Miron and Mading, Steve and Maziuk, Dimitri and Miller, Zachary},
  journal={Nucleic acids research},
  volume={36},
  number={suppl 1},
  pages={D402--D408},
  year={2008},
  publisher={Oxford Univ Press}
}

@article{bernstein1977protein,
  title={The Protein Data Bank},
  author={Bernstein, Frances C and Koetzle, Thomas F and Williams, Graheme JB and Meyer, Edgar F and Brice, Michael D and Rodgers, John R and Kennard, Olga and Shimanouchi, Takehiko and Tasumi, Mitsuo},
  journal={European Journal of Biochemistry},
  volume={80},
  number={2},
  pages={319--324},
  year={1977},
  publisher={Wiley Online Library}
}

@article{spearman1904proof,
  title={The proof and measurement of association between two things},
  author={Spearman, Charles},
  journal={The American journal of psychology},
  volume={15},
  number={1},
  pages={72--101},
  year={1904},
  publisher={JSTOR}
}

@article{kendall1938new,
  title={A new measure of rank correlation},
  author={Kendall, Maurice G},
  journal={Biometrika},
  volume={30},
  number={1/2},
  pages={81--93},
  year={1938},
  publisher={JSTOR}
}

@article{pearson1895note,
  title={Note on regression and inheritance in the case of two parents},
  author={Pearson, Karl},
  journal={Proceedings of the Royal Society of London},
  volume={58},
  pages={240--242},
  year={1895},
  publisher={JSTOR}
}

@article{zhang2004scoring,
  title={Scoring function for automated assessment of protein structure template quality},
  author={Zhang, Yang and Skolnick, Jeffrey},
  journal={Proteins: Structure, Function, and Bioinformatics},
  volume={57},
  number={4},
  pages={702--710},
  year={2004},
  publisher={Wiley Online Library}
}


@article{zemla1999processing,
  title={Processing and analysis of CASP3 protein structure predictions},
  author={Zemla, Adam and Venclovas, {\v{C}}eslovas and Moult, John and Fidelis, Krzysztof},
  journal={Proteins: Structure, Function, and Bioinformatics},
  volume={37},
  number={S3},
  pages={22--29},
  year={1999},
  publisher={Wiley Online Library}
}

@article{frank2016can,
  title={Can Holo NMR Chemical Shifts be Directly Used to Resolve RNA-Ligand Poses?},
  author={Frank, Aaron Terrence},
  journal={Journal of Chemical Information and Modeling},
  year={2016},
  publisher={ACS Publications}
}
@article{frank2013utility,
  title={Utility of 1H NMR chemical shifts in determining RNA structure and dynamics},
  author={Frank, Aaron T and Horowitz, Scott and Andricioaei, Ioan and Al-Hashimi, Hashim M},
  journal={The Journal of Physical Chemistry B},
  volume={117},
  number={7},
  pages={2045--2052},
  year={2013},
  publisher={ACS Publications}
}

@book{frank2011relating,
  title={Relating NMR observables to Structure and Dynamics in Nucleic Acids and Proteins},
  author={Frank, Aaron T},
  year={2011},
  publisher={University of California, Irvine}
}

@article{zhang2011comparison,
  title={Comparison of solution and crystal structures of preQ1 riboswitch reveals calcium-induced changes in conformation and dynamics},
  author={Zhang, Qi and Kang, Mijeong and Peterson, Robert D and Feigon, Juli},
  journal={Journal of the American Chemical Society},
  volume={133},
  number={14},
  pages={5190--5193},
  year={2011},
  publisher={ACS Publications}
}

@article{kang2009structural,
  title={Structural Insights into riboswitch control of the biosynthesis of queuosine, a modified nucleotide found in the anticodon of tRNA},
  author={Kang, Mijeong and Peterson, Robert and Feigon, Juli},
  journal={Molecular cell},
  volume={33},
  number={6},
  pages={784--790},
  year={2009},
  publisher={Elsevier}
}

@article{henriksen2012molecular,
  title={Molecular dynamics re-refinement of two different small RNA loop structures using the original NMR data suggest a common structure},
  author={Henriksen, Niel M and Davis, Darrell R and Cheatham III, Thomas E},
  journal={Journal of biomolecular NMR},
  volume={53},
  number={4},
  pages={321--339},
  year={2012},
  publisher={Springer}
}

@article{sigel2004solution,
  title={Solution structure of domain 5 of a group II intron ribozyme reveals a new RNA motif},
  author={Sigel, Roland KO and Sashital, Dipali G and Abramovitz, Dana L and Palmer, Arthur G and Butcher, Samuel E and Pyle, Anna Marie},
  journal={Nature structural \& molecular biology},
  volume={11},
  number={2},
  pages={187--192},
  year={2004},
  publisher={Nature Publishing Group}
}

@article{richards2006structural,
  title={Structural study of elements of Tetrahymena telomerase RNA stem--loop IV domain important for function},
  author={Richards, Rebecca J and Wu, Haihong and Trantirek, Lukas and O'Connor, Catherine M and Collins, Kathleen and Feigon, Juli},
  journal={RNA},
  volume={12},
  number={8},
  pages={1475--1485},
  year={2006},
  publisher={Cold Spring Harbor Lab}
}


@article{richards2006structure,
  title={Structure of the Tetrahymena thermophila telomerase RNA helix II template boundary element},
  author={Richards, Rebecca J and Theimer, Carla A and Finger, L David and Feigon, Juli},
  journal={Nucleic acids research},
  volume={34},
  number={3},
  pages={816--825},
  year={2006},
  publisher={Oxford Univ Press}
}
